<?xml version="1.0" encoding="UTF-8"?><collection xmlns="http://www.loc.gov/MARC21/slim"><record><leader>00350nam--2200133-i-4500</leader><controlfield tag="001">000027429</controlfield><controlfield tag="002">20161230</controlfield><controlfield tag="005">20161230201036</controlfield><controlfield tag="008">060222s1000------------r-----000-0-eng-d</controlfield><datafield ind1=" " ind2=" " tag="080"><subfield code="a">537.523</subfield></datafield><datafield ind1=" " ind2=" " tag="245"><subfield code="a">Investigations into electrical discharges in gases</subfield></datafield><datafield ind1=" " ind2=" " tag="260"><subfield code="a">Oxford, Pergamon Press, 1964, Xii + 283p</subfield></datafield><datafield ind1=" " ind2=" " tag="700"><subfield code="a">Lkyarffe`D B.N</subfield></datafield><datafield ind1=" " ind2=" " tag="852"><subfield code="a">77208</subfield></datafield></record></collection>